@book{book_key,
	address = {Jakarta},
	publisher = {Pusat Kurikulum dan Perbukuan Balitbang Kemdikbud},
	author = {Kemdikbud},
	title = {Matematika},
	year = {2016},
	volume = {3},
	series = {2},
	edition = {2},
	pages = {1-200},
	month = {January}
}

@article{article_key,
	address = {City},
	publisher = {Publisher},
	author = {Smith, James},
	title = {Article title},
	year = {2013},
	volume = {14},
	number = {6},
	pages = {1--8},
	month = {March}
}
